@book{Meyer:Eiffel,
  author = {Meyer, Bertrand},
  title = {Eiffel: the language},
  year = {1992},
  isbn = {0-13-247925-7},
  publisher = {Prentice-Hall, Inc.},
  address = {Upper Saddle River, NJ, USA},
} 

@inproceedings{Findler:2002,
 author = {Findler, Robert Bruce and Felleisen, Matthias},
 title = {Contracts for higher-order functions},
 booktitle = {Proceedings of the seventh ACM SIGPLAN international conference on Functional programming},
 series = {ICFP '02},
 year = {2002},
 location = {Pittsburgh, PA, USA},
 pages = {48--59},
 numpages = {12},
 publisher = {ACM},
 address = {New York, NY, USA},
 keywords = {behavioral specifications, contracts, higher-order functions, predicate typing, solfware reliability},
} 

@INPROCEEDINGS{Degen:2009,
  author = {Degen,Markus and Thiemann,Peter and Wehr,Stefan},
  title = {True Lies: Lazy Contracts for Lazy Languages (Faithfulness is Better than Laziness)},
  booktitle = {4. Arbeitstagung Programmiersprachen (ATPS'09)},
  month = {October},
  year = 2009,
  address = {L\"{u}beck, Germany}
}


@inproceedings{Felleisen:1986,
 author = {Felleisen, Matthias and Friedman, Daniel P.},
 title = {Control operators, the SECD-machine, and the $\lambda$-calculus},
 booktitle = {Formal Description of Programming Concepts},
 year = {1986},
 location = {North Holland},
 pages = {193--217},
 numpages = {14},
}


@article{Degen:2010,
  author    = {Degen, Markus and Thiemann, Peter and Wehr, Stefan},
  title     = {Eager and delayed contract monitoring for call-by-value
               and call-by-name evaluation},
  journal   = {J. Log. Algebr. Program.},
  volume    = {79},
  number    = {7},
  year      = {2010},
  pages     = {515-549},
  bibsource = {DBLP, http://dblp.uni-trier.de}
}

@Misc{MatthiasCorresp,
  author = {Matthias Felleisen},
  howpublished      = 	 {personal communication},
  year = 2012 
}

@inproceedings{Dimoulas:2011,
 author = {Dimoulas, Christos and Findler, Robert Bruce and Flanagan, Cormac and Felleisen, Matthias},
 title = {Correct blame for contracts: no more scapegoating},
 booktitle = {Proceedings of the 38th annual ACM SIGPLAN-SIGACT symposium on Principles of programming languages},
 series = {POPL '11},
 year = {2011},
 location = {Austin, Texas, USA},
 pages = {215--226},
 numpages = {12},
 publisher = {ACM},
 address = {New York, NY, USA},
 keywords = {behavioral contracts, blame assignment, higher-order programming},
} 
 
@inproceedings{Disney:2011,
 author = {Disney, Tim and Flanagan, Cormac and McCarthy, Jay},
 title = {Temporal higher-order contracts},
 booktitle = {Proceedings of the 16th ACM SIGPLAN international conference on Functional programming},
 series = {ICFP '11},
 year = {2011},
 isbn = {978-1-4503-0865-6},
 location = {Tokyo, Japan},
 pages = {176--188},
 numpages = {13},
 publisher = {ACM},
 address = {New York, NY, USA},
 keywords = {higher-order programming, temporal contracts},
}

@inproceedings{Hinze:2006:TCF:2100071.2100093,
 author = {Hinze, Ralf and Jeuring, Johan and L\"{o}h, Andres},
 title = {Typed contracts for functional programming},
 booktitle = {Proceedings of the 8th international conference on Functional and Logic Programming},
 series = {FLOPS'06},
 year = {2006},
 location = {Fuji-Susono, Japan},
 pages = {208--225},
 numpages = {18},
 publisher = {Springer-Verlag},
 address = {Berlin, Heidelberg},
} 

@inproceedings{Findler:2008:LCC:1425818.1425825,
 author = {Findler, Robert Bruce and Guo, Shu-Yu and Rogers, Anne},
 title = {Lazy Contract Checking for Immutable Data Structures},
 booktitle = {Implementation and Application of Functional Languages},
 editor = {Chitil, Olaf and Horv\'{a}th, Zolt\'{a}n and Zs\'{o}k, Vikt\'{o}ria},
 year = {2008},
 pages = {111--128},
 numpages = {18},
 publisher = {Springer-Verlag},
 address = {Berlin, Heidelberg},
} 

@Unpublished{investigation-contracts,
  author =       {Robert Bruce Findler and Matthias Blume and Matthias Felleisen},
  title =        {An Investigation of Contracts as Projections},
  note =         {University of Chicago Technical Report TR02-402},
  year =      2002}

@inproceedings{Findler:2006:CPP:2100071.2100094,
 author = {Findler, Robert Bruce and Blume, Matthias},
 title = {Contracts as pairs of projections},
 booktitle = {Proceedings of the 8th international conference on Functional and Logic Programming},
 series = {FLOPS'06},
 year = {2006},
 location = {Fuji-Susono, Japan},
 pages = {226--241},
 numpages = {16},
 publisher = {Springer-Verlag},
 address = {Berlin, Heidelberg},
} 

@inproceedings{Blume:2004:SMC:1016850.1016876,
 author = {Blume, Matthias and McAllester, David},
 title = {A sound (and complete) model of contracts},
 booktitle = {Proceedings of the ninth ACM SIGPLAN international conference on Functional programming},
 series = {ICFP '04},
 year = {2004},
 location = {Snow Bird, UT, USA},
 pages = {189--200},
 numpages = {12},
 publisher = {ACM},
 address = {New York, NY, USA},
 keywords = {contracts, predicates, safety},
} 

@article{Blume:2006:SCM:1166013.1166016,
 author = {Blume, Matthias and McAllester, David},
 title = {Sound and complete models of contracts},
 journal = {J. Funct. Program.},
 issue_date = {July 2006},
 volume = {16},
 number = {4-5},
 month = jul,
 year = {2006},
 pages = {375--414},
 numpages = {40},
 publisher = {Cambridge University Press},
 address = {New York, NY, USA},
} 

@inproceedings{Moggi:1989:CLM:77350.77353,
 author = {Moggi, E.},
 title = {Computational lambda-calculus and monads},
 booktitle = {Proceedings of the Fourth Annual Symposium on Logic in computer science},
 year = {1989},
 location = {Pacific Grove, California, United States},
 pages = {14--23},
 numpages = {10},
 publisher = {IEEE Press},
 address = {Piscataway, NJ, USA},
} 

@inproceedings{Sabry:1992:RPC:141471.141563,
 author = {Sabry, Amr and Felleisen, Matthias},
 title = {Reasoning about programs in continuation-passing style.},
 booktitle = {Proceedings of the 1992 ACM conference on LISP and functional programming},
 series = {LFP '92},
 year = {1992},
 location = {San Francisco, California, United States},
 pages = {288--298},
 numpages = {11},
 publisher = {ACM},
 address = {New York, NY, USA},
} 

@ARTICLE{ sabry:reasoning,
 AUTHOR = "Amr Sabry and Matthias Felleisen",
 TITLE = "Reasoning about Programs in Continuation-Passing Style",
 JOURNAL = "Lisp and Symbolic Computation",
 PAGES = {289-360},
 YEAR = {1993},
}

@ARTICLE{Plotkin:CallByNameCallByValue,
  AUTHOR = {Gordon Plotkin},
  TITLE = {Call-by-name, Call-by-value, and the $\lambda$-Calculus},
  JOURNAL = {Theoretical Computer Science},
  VOLUME = {1},
  PAGES = {125--159},
  YEAR = {1975}
}

@inproceedings{Plotkin:2009:HAE:1532974.1532984,
 author = {Plotkin, Gordon and Pretnar, Matija},
 title = {Handlers of Algebraic Effects},
 booktitle = {Proceedings of the 18th European Symposium on Programming Languages and Systems: Held as Part of the Joint European Conferences on Theory and Practice of Software, ETAPS 2009},
 series = {ESOP '09},
 year = {2009},
 location = {York, UK},
 pages = {80--94},
 numpages = {15},
 publisher = {Springer-Verlag},
 address = {Berlin, Heidelberg},
} 

@article{Bauer:2012,
  author    = {Andrej Bauer and Matija Pretnar},
  title     = {Programming with Algebraic Effects and Handlers},
  journal   = {CoRR},
  volume    = {abs/1203.1539},
  year      = {2012},
  ee        = {http://arxiv.org/abs/1203.1539},
  bibsource = {DBLP, http://dblp.uni-trier.de}
}


@inproceedings{Dimoulas:2009:FC:1599410.1599435,
 author = {Dimoulas, Christos and Pucella, Riccardo and Felleisen, Matthias},
 title = {Future contracts},
 booktitle = {Proceedings of the 11th ACM SIGPLAN conference on Principles and practice of declarative programming},
 series = {PPDP '09},
 year = {2009},
 location = {Coimbra, Portugal},
 pages = {195--206},
 numpages = {12},
 publisher = {ACM},
 address = {New York, NY, USA},
 keywords = {behavioral specifications, contracts, higher-order functions, software reliability},
} 

@inproceedings{Disney:2011:THC:2034773.2034800,
 author = {Disney, Tim and Flanagan, Cormac and McCarthy, Jay},
 title = {Temporal higher-order contracts},
 booktitle = {Proceedings of the 16th ACM SIGPLAN international conference on Functional programming},
 series = {ICFP '11},
 year = {2011},
 location = {Tokyo, Japan},
 pages = {176--188},
 numpages = {13},
 publisher = {ACM},
 address = {New York, NY, USA},
 keywords = {higher-order programming, temporal contracts},
} 

@inproceedings{Guha:2007,
 author = {Guha, Arjun and Matthews, Jacob and Findler, Robert Bruce and Krishnamurthi, Shriram},
 title = {Relationally-parametric polymorphic contracts},
 booktitle = {Proceedings of the 2007 symposium on Dynamic languages},
 series = {DLS '07},
 year = {2007},
 isbn = {978-1-59593-868-8},
 location = {Montreal, Quebec, Canada},
 pages = {29--40},
 numpages = {12},
 url = {http://doi.acm.org/10.1145/1297081.1297089},
 doi = {10.1145/1297081.1297089},
 acmid = {1297089},
 publisher = {ACM},
 address = {New York, NY, USA},
 keywords = {contracts, parametricity, polymorphism},
}

@inproceedings{Dimoulas:2012:ESOP,
  author = {Dimoulas, Christos and Tobin-Hochstadt, Sam and Felleisen, Matthias},
  title = {Complete monitors for behavioral contracts},
  booktitle = {Proceedings of the 21st European conference on Programming Languages and Systems},
  series = {ESOP'12},
  year = {2012},
  isbn = {978-3-642-28868-5},
  location = {Tallinn, Estonia},
  pages = {214--233},
  numpages = {20},
  url = {http://dx.doi.org/10.1007/978-3-642-28869-2_11},
  doi = {10.1007/978-3-642-28869-2_11},
  acmid = {2259259},
  publisher = {Springer-Verlag},
  address = {Berlin, Heidelberg},
  keywords = {behavioral contracts, contract checking, higher-order programming},
} 

@inproceedings{Wadler:2009,
  author = {Wadler, Philip and Findler, Robert Bruce},
  title = {Well-Typed Programs Can't Be Blamed},
  booktitle = {Proceedings of the 18th European Symposium on Programming Languages and Systems: Held as Part of the Joint European Conferences on Theory and Practice of Software, ETAPS 2009},
  series = {ESOP '09},
  year = {2009},
  isbn = {978-3-642-00589-3},
  location = {York, UK},
  pages = {1--16},
  numpages = {16},
  url = {http://dx.doi.org/10.1007/978-3-642-00590-9_1},
  doi = {10.1007/978-3-642-00590-9_1},
  acmid = {1532976},
  publisher = {Springer-Verlag},
  address = {Berlin, Heidelberg},
}

@article{Xu:2009,
  author = {Xu, Dana N. and Peyton Jones, Simon and Claessen, Koen},
  title = {Static contract checking for Haskell},
  journal = {SIGPLAN Not.},
  issue_date = {January 2009},
  volume = {44},
  number = {1},
  month = jan,
  year = {2009},
  issn = {0362-1340},
  pages = {41--52},
  numpages = {12},
  url = {http://doi.acm.org/10.1145/1594834.1480889},
  doi = {10.1145/1594834.1480889},
  acmid = {1480889},
  publisher = {ACM},
  address = {New York, NY, USA},
  keywords = {contract satisfaction, static contract checking},
}  

@inproceedings{Ahmed:2011,
  author = {Ahmed, Amal and Findler, Robert Bruce and Siek, Jeremy G. and Wadler, Philip},
  title = {Blame for all},
  booktitle = {Proceedings of the 38th annual ACM SIGPLAN-SIGACT symposium on Principles of programming languages},
  series = {POPL '11},
  year = {2011},
  isbn = {978-1-4503-0490-0},
  location = {Austin, Texas, USA},
  pages = {201--214},
  numpages = {14},
  url = {http://doi.acm.org/10.1145/1926385.1926409},
  doi = {10.1145/1926385.1926409},
  acmid = {1926409},
  publisher = {ACM},
  address = {New York, NY, USA},
  keywords = {blame tracking, casts, coercions, lambda-calculus},
}

@article{Dimoulas:2011:TPLS,
  author = {Dimoulas, Christos and Felleisen, Matthias},
  title = {On contract satisfaction in a higher-order world},
  journal = {ACM Trans. Program. Lang. Syst.},
  issue_date = {November 2011},
  volume = {33},
  number = {5},
  month = nov,
  year = {2011},
  issn = {0164-0925},
  pages = {16:1--16:29},
  articleno = {16},
  numpages = {29},
  url = {http://doi.acm.org/10.1145/2039346.2039348},
  doi = {10.1145/2039346.2039348},
  acmid = {2039348},
  publisher = {ACM},
  address = {New York, NY, USA},
  keywords = {Contract satisfaction, higher-order contracts},
} 

@inproceedings{Chitil:2012,
  author = {Olaf Chitil},
  title = {Practical Typed Lazy Contracts},
  month = {September},
  year = {2012},
  pages = {},
  keywords = {purely functional, lazy, library, Haskell},
  note = {Version with proof appendix and minor corrections.},
  doi = {},
  url = {http://www.cs.kent.ac.uk/pubs/2012/3239},
  publication_type = {inproceedings},
  submission_id = {16788_1343048070},
  booktitle = {Proceedings of the 17th ACM SIGPLAN International Conference on Functional Programming (ICFP 2012)},
  publisher = {ACM},
  refereed = {yes},
}

@inproceedings{Owens:2012,
  author = {Zachary Owens},
  title = {Contract Monitoring as an Effect},
  month = {September},
  year = {2012},
  pages = {},
  doi = {},
  url = {http://hope2012.mpi-sws.org/owens-slides.pdf},
  publication_type = {inproceedings},
  submission_id = {16788_1343048070},
  booktitle = {The 1st ACM SIGPLAN Workshop on Higher-Order Programming with Effects (HOPE 2012)},
  publisher = {ACM},
  refereed = {yes},
}

@MISC{Thielecke98usinga,
  author = {Hayo Thielecke},
  title = {Using a Continuation Twice and Its Implications for the Expressive Power of Call/cc},
  year = {1998}
}

@book{pltredex, 
  Author = {Matthias Felleisen and Robert Bruce Findler and Matthew Flatt}, 
  Title = {Semantics Engineering with PLT Redex}, 
  Publisher = {The MIT Press}, 
  Year = {2009},
  ISBN = {0262062755}, 
}

@techreport{plt-tr1,
  title       = {Reference: Racket},
  author      = {Matthew Flatt and PLT},
  number      = {PLT-TR-2010-1},
  institution = {PLT Inc.},
  year        = {2010},
  note        = {\url{http://racket-lang.org/tr1/}}
}

@inproceedings{Chitil:2005,
  author = {Olaf Chitil and Dan McNeill and Colin Runciman},
  title = {Lazy assertions},
  month = {November},
  year = {2005},
  pages = {1--19},
  booktitle = {Implementation of Functional Languages: 15th International Workshop, IFL 2003},
  publisher = {Springer Berlin/Heidelberg},
  refereed = {yes},
}

@PhdThesis{filinski,
  author =       {Andrzej Filinski},
  title =        {Controlling Effects},
  school =       {School of Computer Science, Carnegie Mellon University},
  year =         1996,
  note =      {TR CMU-CS-96-119}}

@inproceedings{Strickland:2012:CIR:2384616.2384685,
 author = {Strickland, T. Stephen and Tobin-Hochstadt, Sam and Findler, Robert Bruce and Flatt, Matthew},
 title = {Chaperones and impersonators: run-time support for reasonable interposition},
 booktitle = {Proceedings of the ACM international conference on Object oriented programming systems languages and applications},
 series = {OOPSLA '12},
 year = {2012},
 location = {Tucson, Arizona, USA},
 pages = {943--962},
 numpages = {20},
 publisher = {ACM},
 address = {New York, NY, USA},
 keywords = {contracts, intercession, interposition, proxies},
} 

@ARTICLE{spj:stgmachine,
    author = {Simon L. Peyton Jones},
    title = {Implementing lazy functional languages on stock hardware: the Spineless Tagless G-machine - Version 2.5},
    journal = {Journal of Functional Programming},
    year = {1992},
    volume = {2},
    pages = {127--202}
}

@inproceedings{Bolz:2009,
 author = {Bolz, Carl Friedrich and Cuni, Antonio and Fijalkowski, Maciej and Rigo, Armin},
 title = {Tracing the Meta-level: PyPy's Tracing JIT Compiler},
 booktitle = {Proceedings of the 4th Workshop on the Implementation, Compilation, Optimization of Object-Oriented Languages and Programming Systems},
 series = {ICOOOLPS '09},
 year = {2009},
 isbn = {978-1-60558-541-3},
 location = {Genova, Italy},
 pages = {18--25},
 numpages = {8},
 url = {http://doi.acm.org/10.1145/1565824.1565827},
 doi = {10.1145/1565824.1565827},
 acmid = {1565827},
 publisher = {ACM},
 address = {New York, NY, USA},
} 
